<?xml version="1.0" encoding="UTF-8"?>
<collection xmlns:xsi="http://www.w3.org/2001/XMLSchema-instance" xsi:schemaLocation="http://www.loc.gov/MARC21/slim http://www.loc.gov/standards/marcxml/schema/MARC21slim.xsd" xmlns="http://www.loc.gov/MARC21/slim">
<record>
  <leader>00817cam a22002172i 4500</leader>
  <controlfield tag="001">2523882</controlfield>
  <controlfield tag="003">NNC</controlfield>
  <controlfield tag="005">20121018034412.0</controlfield>
  <controlfield tag="008">991007s1971    iq           f      ara d</controlfield>
  <datafield tag="035" ind1=" " ind2=" ">
    <subfield code="a">(OCoLC)43991472</subfield>
  </datafield>
  <datafield tag="035" ind1=" " ind2=" ">
    <subfield code="a">(OCoLC)ocm43991472</subfield>
  </datafield>
  <datafield tag="035" ind1=" " ind2=" ">
    <subfield code="9">AQJ6367CU</subfield>
  </datafield>
  <datafield tag="035" ind1=" " ind2=" ">
    <subfield code="a">(NNC)2523882</subfield>
  </datafield>
  <datafield tag="040" ind1=" " ind2=" ">
    <subfield code="a">NNC</subfield>
    <subfield code="c">UPvMLC</subfield>
  </datafield>
  <datafield tag="090" ind1=" " ind2=" ">
    <subfield code="a">HD9046.I4</subfield>
    <subfield code="b">A73</subfield>
  </datafield>
  <datafield tag="110" ind1="1" ind2=" ">
    <subfield code="a">Iraq.</subfield>
    <subfield code="b">Dāʼirat Iḥṣāʼāt al-Tijārah al-ʻĀmmah.</subfield>
  </datafield>
  <datafield tag="245" ind1="1" ind2="0">
    <subfield code="a">Dirāsah taḥlīlīyah li-intāj wa-tijārat al-ʻIrāq min al-ḥinṭah, al-shaʻīr, al-ruzz (1960-1969) /</subfield>
    <subfield code="c">Wizārat al-Takhṭīṭ, al-Jihāz al-Markazī Iil-Iḥṣāʾ, Dāʾirat Iḥṣāʾāt al-Tijārah al-ʻĀmmah.</subfield>
  </datafield>
  <datafield tag="260" ind1=" " ind2=" ">
    <subfield code="a">[Baghdād] :</subfield>
    <subfield code="b">al-Jihāz,</subfield>
    <subfield code="c">1971.</subfield>
  </datafield>
  <datafield tag="300" ind1=" " ind2=" ">
    <subfield code="a">88 p. :</subfield>
    <subfield code="b">ill. ;</subfield>
    <subfield code="c">31 cm.</subfield>
  </datafield>
  <datafield tag="500" ind1=" " ind2=" ">
    <subfield code="a">Chiefly tables.</subfield>
  </datafield>
  <datafield tag="955" ind1=" " ind2=" ">
    <subfield code="b">CU51880121</subfield>
    <subfield code="d">off,bus</subfield>
    <subfield code="e">HD9046.I4 A73</subfield>
  </datafield>
</record>
</collection>